@article{Marciano:1977su,
      author         = "Marciano, William J. and Pagels, Heinz",
      title          = "{Quantum Chromodynamics: A Review}",
      journal        = "Phys. Rept.",
      volume         = "36",
      year           = "1978",
      pages          = "137",
      doi            = "10.1016/0370-1573(78)90208-9",
      reportNumber   = "COO-2232B-130",
      SLACcitation   = "%%CITATION = PRPLC,36,137;%%"
}


@article{Beringer:1900zz,
      author         = "Beringer, J. and others",
      title          = "{Review of Particle Physics (RPP)}",
      collaboration  = "Particle Data Group",
      journal        = "Phys. Rev.",
      volume         = "D86",
      year           = "2012",
      pages          = "010001",
      doi            = "10.1103/PhysRevD.86.010001",
      reportNumber   = "SLAC-REPRINT-2014-001",
      SLACcitation   = "%%CITATION = PHRVA,D86,010001;%%"
}


@article{Gross:1973id,
      author         = "Gross, David J. and Wilczek, Frank",
      title          = "{Ultraviolet Behavior of Nonabelian Gauge Theories}",
      journal        = "Phys. Rev. Lett.",
      volume         = "30",
      year           = "1973",
      pages          = "1343-1346",
      doi            = "10.1103/PhysRevLett.30.1343",
      note           = "[,271(1973)]",
      SLACcitation   = "%%CITATION = PRLTA,30,1343;%%"
}


@article{Politzer:1973fx,
      author         = "Politzer, H. David",
      title          = "{Reliable Perturbative Results for Strong Interactions?}",
      journal        = "Phys. Rev. Lett.",
      volume         = "30",
      year           = "1973",
      pages          = "1346-1349",
      doi            = "10.1103/PhysRevLett.30.1346",
      note           = "[,274(1973)]",
      SLACcitation   = "%%CITATION = PRLTA,30,1346;%%"
}


@article{Cabibbo:1975ig,
      author         = "Cabibbo, N. and Parisi, G.",
      title          = "{Exponential Hadronic Spectrum and Quark Liberation}",
      journal        = "Phys. Lett.",
      volume         = "59B",
      year           = "1975",
      pages          = "67-69",
      doi            = "10.1016/0370-2693(75)90158-6",
      reportNumber   = "INFN-ROME-620",
      SLACcitation   = "%%CITATION = PHLTA,59B,67;%%"
}


@article{Collins:1974ky,
      author         = "Collins, John C. and Perry, M. J.",
      title          = "{Superdense Matter: Neutrons Or Asymptotically Free
                        Quarks?}",
      journal        = "Phys. Rev. Lett.",
      volume         = "34",
      year           = "1975",
      pages          = "1353",
      doi            = "10.1103/PhysRevLett.34.1353",
      reportNumber   = "DAMTP 74/26",
      SLACcitation   = "%%CITATION = PRLTA,34,1353;%%"
}


@article{Schmidt:1992ge,
      author         = "Schmidt, H. R. and Schukraft, J.",
      title          = "{The Physics of ultrarelativistic heavy ion collisions}",
      journal        = "J. Phys.",
      volume         = "G19",
      year           = "1993",
      pages          = "1705-1796",
      doi            = "10.1088/0954-3899/19/11/006",
      reportNumber   = "GSI-92-19, CERN-PPE-92-42",
      SLACcitation   = "%%CITATION = JPAGA,G19,1705;%%"
}


@article{Harris:1996zx,
      author         = "Harris, John W. and Muller, Berndt",
      title          = "{The Search for the quark - gluon plasma}",
      journal        = "Ann. Rev. Nucl. Part. Sci.",
      volume         = "46",
      year           = "1996",
      pages          = "71-107",
      doi            = "10.1146/annurev.nucl.46.1.71",
      eprint         = "hep-ph/9602235",
      archivePrefix  = "arXiv",
      primaryClass   = "hep-ph",
      reportNumber   = "DUKE-TH-96-105",
      SLACcitation   = "%%CITATION = HEP-PH/9602235;%%"
}


@article{Gyulassy:2004zy,
      author         = "Gyulassy, Miklos and McLerran, Larry",
      title          = "{New forms of QCD matter discovered at RHIC}",
      booktitle      = "{Quark gluon plasma. New discoveries at RHIC: A case of
                        strongly interacting quark gluon plasma. Proceedings, RBRC
                        Workshop, Brookhaven, Upton, USA, May 14-15, 2004}",
      journal        = "Nucl. Phys.",
      volume         = "A750",
      year           = "2005",
      pages          = "30-63",
      doi            = "10.1016/j.nuclphysa.2004.10.034",
      eprint         = "nucl-th/0405013",
      archivePrefix  = "arXiv",
      primaryClass   = "nucl-th",
      SLACcitation   = "%%CITATION = NUCL-TH/0405013;%%"
}


@article{Adcox:2004mh,
      author         = "Adcox, K. and others",
      title          = "{Formation of dense partonic matter in relativistic
                        nucleus-nucleus collisions at RHIC: Experimental
                        evaluation by the PHENIX collaboration}",
      collaboration  = "PHENIX",
      journal        = "Nucl. Phys.",
      volume         = "A757",
      year           = "2005",
      pages          = "184-283",
      doi            = "10.1016/j.nuclphysa.2005.03.086",
      eprint         = "nucl-ex/0410003",
      archivePrefix  = "arXiv",
      primaryClass   = "nucl-ex",
      SLACcitation   = "%%CITATION = NUCL-EX/0410003;%%"
}


@article{Arsene:2004fa,
      author         = "Arsene, I. and others",
      title          = "{Quark gluon plasma and color glass condensate at RHIC?
                        The Perspective from the BRAHMS experiment}",
      collaboration  = "BRAHMS",
      journal        = "Nucl. Phys.",
      volume         = "A757",
      year           = "2005",
      pages          = "1-27",
      doi            = "10.1016/j.nuclphysa.2005.02.130",
      eprint         = "nucl-ex/0410020",
      archivePrefix  = "arXiv",
      primaryClass   = "nucl-ex",
      SLACcitation   = "%%CITATION = NUCL-EX/0410020;%%"
}


@article{Back:2004je,
      author         = "Back, B. B. and others",
      title          = "{The PHOBOS perspective on discoveries at RHIC}",
      journal        = "Nucl. Phys.",
      volume         = "A757",
      year           = "2005",
      pages          = "28-101",
      doi            = "10.1016/j.nuclphysa.2005.03.084",
      eprint         = "nucl-ex/0410022",
      archivePrefix  = "arXiv",
      primaryClass   = "nucl-ex",
      SLACcitation   = "%%CITATION = NUCL-EX/0410022;%%"
}


@article{Adams:2005dq,
      author         = "Adams, John and others",
      title          = "{Experimental and theoretical challenges in the search
                        for the quark gluon plasma: The STAR Collaboration's
                        critical assessment of the evidence from RHIC collisions}",
      collaboration  = "STAR",
      journal        = "Nucl. Phys.",
      volume         = "A757",
      year           = "2005",
      pages          = "102-183",
      doi            = "10.1016/j.nuclphysa.2005.03.085",
      eprint         = "nucl-ex/0501009",
      archivePrefix  = "arXiv",
      primaryClass   = "nucl-ex",
      SLACcitation   = "%%CITATION = NUCL-EX/0501009;%%"
}


@article{Heinz:2000bk,
      author         = "Heinz, Ulrich W. and Jacob, Maurice",
      title          = "{Evidence for a new state of matter: An Assessment of the
                        results from the CERN lead beam program}",
      year           = "2000",
      eprint         = "nucl-th/0002042",
      archivePrefix  = "arXiv",
      primaryClass   = "nucl-th",
      SLACcitation   = "%%CITATION = NUCL-TH/0002042;%%"
}


@article{Aad:2010bu,
      author         = "Aad, Georges and others",
      title          = "{Observation of a Centrality-Dependent Dijet Asymmetry in
                        Lead-Lead Collisions at $\sqrt{s_{NN}}=2.77$ TeV with the
                        ATLAS Detector at the LHC}",
      collaboration  = "ATLAS",
      journal        = "Phys. Rev. Lett.",
      volume         = "105",
      year           = "2010",
      pages          = "252303",
      doi            = "10.1103/PhysRevLett.105.252303",
      eprint         = "1011.6182",
      archivePrefix  = "arXiv",
      primaryClass   = "hep-ex",
      SLACcitation   = "%%CITATION = ARXIV:1011.6182;%%"
}


@article{Chatrchyan:2011pe,
      author         = "Chatrchyan, Serguei and others",
      title          = "{Indications of suppression of excited $\Upsilon$ states
                        in PbPb collisions at $\sqrt{S_{NN}}$ = 2.76 TeV}",
      collaboration  = "CMS",
      journal        = "Phys. Rev. Lett.",
      volume         = "107",
      year           = "2011",
      pages          = "052302",
      doi            = "10.1103/PhysRevLett.107.052302",
      eprint         = "1105.4894",
      archivePrefix  = "arXiv",
      primaryClass   = "nucl-ex",
      reportNumber   = "CERN-PH-EP-2011-074, CMS-HIN-11-007",
      SLACcitation   = "%%CITATION = ARXIV:1105.4894;%%"
}


@article{Aamodt:2010jd,
      author         = "Aamodt, K. and others",
      title          = "{Suppression of Charged Particle Production at Large
                        Transverse Momentum in Central Pb-Pb Collisions at
                        $\sqrt{s_{NN}} =$ 2.76 TeV}",
      collaboration  = "ALICE",
      journal        = "Phys. Lett.",
      volume         = "B696",
      year           = "2011",
      pages          = "30-39",
      doi            = "10.1016/j.physletb.2010.12.020",
      eprint         = "1012.1004",
      archivePrefix  = "arXiv",
      primaryClass   = "nucl-ex",
      reportNumber   = "CERN-PH-EP-ALICE-2010-004, CERN-PH-EP-2010-066",
      SLACcitation   = "%%CITATION = ARXIV:1012.1004;%%"
}


@article{Aamodt:2010pa,
      author         = "Aamodt, K and others",
      title          = "{Elliptic flow of charged particles in Pb-Pb collisions
                        at 2.76 TeV}",
      collaboration  = "ALICE",
      journal        = "Phys. Rev. Lett.",
      volume         = "105",
      year           = "2010",
      pages          = "252302",
      doi            = "10.1103/PhysRevLett.105.252302",
      eprint         = "1011.3914",
      archivePrefix  = "arXiv",
      primaryClass   = "nucl-ex",
      reportNumber   = "CERN-PH-EP-2010-059",
      SLACcitation   = "%%CITATION = ARXIV:1011.3914;%%"
}



%%% contains utf-8, see: https://inspirehep.net/info/faq/general#utf8
%%% add \usepackage[utf8]{inputenc} to your latex preamble

@article{Aiola:2014cja,
      author         = "Aiola, Salvatore",
      title          = "{Measurement of jet $p_T$ spectra and $R_{AA}$ in pp and
                        Pb–Pb collisions at $\sqrt{s_{NN}} =$ 2.76 TeV with the
                        ALICE detector}",
      booktitle      = "{Proceedings, 24th International Conference on
                        Ultra-Relativistic Nucleus-Nucleus Collisions (Quark
                        Matter 2014): Darmstadt, Germany, May 19-24, 2014}",
      collaboration  = "ALICE",
      journal        = "Nucl. Phys.",
      volume         = "A931",
      year           = "2014",
      pages          = "382-387",
      doi            = "10.1016/j.nuclphysa.2014.08.033",
      eprint         = "1408.0479",
      archivePrefix  = "arXiv",
      primaryClass   = "nucl-ex",
      SLACcitation   = "%%CITATION = ARXIV:1408.0479;%%"
}


@article{Chatrchyan:2011sx,
      author         = "Chatrchyan, Serguei and others",
      title          = "{Observation and studies of jet quenching in PbPb
                        collisions at nucleon-nucleon center-of-mass energy = 2.76
                        TeV}",
      collaboration  = "CMS",
      journal        = "Phys. Rev.",
      volume         = "C84",
      year           = "2011",
      pages          = "024906",
      doi            = "10.1103/PhysRevC.84.024906",
      eprint         = "1102.1957",
      archivePrefix  = "arXiv",
      primaryClass   = "nucl-ex",
      reportNumber   = "CERN-PH-EP-2011-001, CMS-HIN-10-004",
      SLACcitation   = "%%CITATION = ARXIV:1102.1957;%%"
}


@article{ALICE:2012ab,
      author         = "Abelev, Betty and others",
      title          = "{Suppression of high transverse momentum D mesons in
                        central Pb-Pb collisions at $\sqrt{s_{NN}}=2.76$ TeV}",
      collaboration  = "ALICE",
      journal        = "JHEP",
      volume         = "09",
      year           = "2012",
      pages          = "112",
      doi            = "10.1007/JHEP09(2012)112",
      eprint         = "1203.2160",
      archivePrefix  = "arXiv",
      primaryClass   = "nucl-ex",
      reportNumber   = "CERN-PH-EP-2012-069",
      SLACcitation   = "%%CITATION = ARXIV:1203.2160;%%"
}


@article{Armesto:2015ioy,
      author         = "Armesto, N. and Scomparin, E.",
      title          = "{Heavy-ion collisions at the Large Hadron Collider: a
                        review of the results from Run 1}",
      journal        = "Eur. Phys. J. Plus",
      volume         = "131",
      year           = "2016",
      number         = "3",
      pages          = "52",
      doi            = "10.1140/epjp/i2016-16052-4",
      eprint         = "1511.02151",
      archivePrefix  = "arXiv",
      primaryClass   = "nucl-ex",
      SLACcitation   = "%%CITATION = ARXIV:1511.02151;%%"
}


@article{Antinori:2005tu,
      author         = "Antinori, F. and Shuryak, E. V.",
      title          = "{A Comment on conical flow induced by heavy-quark jets}",
      journal        = "J. Phys.",
      volume         = "G31",
      year           = "2005",
      pages          = "L19",
      doi            = "10.1088/0954-3899/31/12/L01",
      eprint         = "nucl-th/0507046",
      archivePrefix  = "arXiv",
      primaryClass   = "nucl-th",
      SLACcitation   = "%%CITATION = NUCL-TH/0507046;%%"
}


@article{Qin:2015srf,
      author         = "Qin, Guang-You and Wang, Xin-Nian",
      title          = "{Jet quenching in high-energy heavy-ion collisions}",
      journal        = "Int. J. Mod. Phys.",
      volume         = "E24",
      year           = "2015",
      number         = "11",
      pages          = "1530014",
      doi            = "10.1142/S0218301315300143, 10.1142/9789814663717_0007",
      note           = "[,309(2016)]",
      eprint         = "1511.00790",
      archivePrefix  = "arXiv",
      primaryClass   = "hep-ph",
      SLACcitation   = "%%CITATION = ARXIV:1511.00790;%%"
}


@article{Lee:2013bka,
      author         = "Lee, Yen-Jie",
      title          = "{Jet Quenching at RHIC and the LHC}",
      booktitle      = "{Proceedings, Workshop for Young Scientists on the
                        Physics of Ultrarelativistic Nucleus-Nucleus Collisions
                        (Hot Quarks 2012): Copamarina, Puerto Rico, October 14-20,
                        2012}",
      journal        = "J. Phys. Conf. Ser.",
      volume         = "446",
      year           = "2013",
      pages          = "012001",
      doi            = "10.1088/1742-6596/446/1/012001",
      SLACcitation   = "%%CITATION = 00462,446,012001;%%"
}


@article{Gyulassy:2003mc,
      author         = "Gyulassy, Miklos and Vitev, Ivan and Wang, Xin-Nian and
                        Zhang, Ben-Wei",
      title          = "{Jet quenching and radiative energy loss in dense nuclear
                        matter}",
      year           = "2003",
      pages          = "123-191",
      doi            = "10.1142/9789812795533_0003",
      eprint         = "nucl-th/0302077",
      archivePrefix  = "arXiv",
      primaryClass   = "nucl-th",
      SLACcitation   = "%%CITATION = NUCL-TH/0302077;%%"
}


@article{Armesto:2011ht,
      author         = "Armesto, Nestor and others",
      title          = "{Comparison of Jet Quenching Formalisms for a Quark-Gluon
                        Plasma 'Brick'}",
      journal        = "Phys. Rev.",
      volume         = "C86",
      year           = "2012",
      pages          = "064904",
      doi            = "10.1103/PhysRevC.86.064904",
      eprint         = "1106.1106",
      archivePrefix  = "arXiv",
      primaryClass   = "hep-ph",
      SLACcitation   = "%%CITATION = ARXIV:1106.1106;%%"
}


@article{Baier:2000mf,
      author         = "Baier, R. and Schiff, D. and Zakharov, B. G.",
      title          = "{Energy loss in perturbative QCD}",
      journal        = "Ann. Rev. Nucl. Part. Sci.",
      volume         = "50",
      year           = "2000",
      pages          = "37-69",
      doi            = "10.1146/annurev.nucl.50.1.37",
      eprint         = "hep-ph/0002198",
      archivePrefix  = "arXiv",
      primaryClass   = "hep-ph",
      reportNumber   = "BI-TP-2000-08, LPT-ORSAY-00-22",
      SLACcitation   = "%%CITATION = HEP-PH/0002198;%%"
}



%%% contains utf-8, see: https://inspirehep.net/info/faq/general#utf8
%%% add \usepackage[utf8]{inputenc} to your latex preamble

@article{Pasechnik:2016wkt,
      author         = "Pasechnik, Roman and Šumbera, Michal",
      title          = "{Phenomenological Review on Quark–Gluon Plasma:
                        Concepts vs. Observations}",
      journal        = "Universe",
      volume         = "3",
      year           = "2017",
      number         = "1",
      pages          = "7",
      doi            = "10.3390/universe3010007",
      eprint         = "1611.01533",
      archivePrefix  = "arXiv",
      primaryClass   = "hep-ph",
      SLACcitation   = "%%CITATION = ARXIV:1611.01533;%%"
}


@article{Fritzsch:1973pi,
      author         = "Fritzsch, H. and Gell-Mann, Murray and Leutwyler, H.",
      title          = "{Advantages of the Color Octet Gluon Picture}",
      journal        = "Phys. Lett.",
      volume         = "47B",
      year           = "1973",
      pages          = "365-368",
      doi            = "10.1016/0370-2693(73)90625-4",
      reportNumber   = "CALT-68-409",
      SLACcitation   = "%%CITATION = PHLTA,47B,365;%%"
}


@article{Horowitz:2007su,
      author         = "Horowitz, W. A. and Gyulassy, M.",
      title          = "{Heavy quark jet tomography of Pb + Pb at LHC: AdS/CFT
                        drag or pQCD energy loss?}",
      journal        = "Phys. Lett.",
      volume         = "B666",
      year           = "2008",
      pages          = "320-323",
      doi            = "10.1016/j.physletb.2008.04.065",
      eprint         = "0706.2336",
      archivePrefix  = "arXiv",
      primaryClass   = "nucl-th",
      SLACcitation   = "%%CITATION = ARXIV:0706.2336;%%"
}


@article{Bouras:2013una,
      author         = "Bouras, I. and Fochler, O. and Reining, F. and Senzel, F.
                        and Uphoff, J. and Wesp, C. and Xu, Z. and Greiner, C.",
      title          = "{RHIC and LHC heavy ion collisions with pQCD Boltzmann
                        transport}",
      booktitle      = "{Proceedings, Workshop on Discovery Physics at the LHC
                        (Kruger 2012): Kruger National Park, Mpumalanga, South
                        Africa, December 3-9, 2012}",
      journal        = "J. Phys. Conf. Ser.",
      volume         = "455",
      year           = "2013",
      pages          = "012051",
      doi            = "10.1088/1742-6596/455/1/012051",
      SLACcitation   = "%%CITATION = 00462,455,012051;%%"
}


@article{Shuryak:1983zb,
      author         = "Shuryak, Edward V.",
      title          = "{NONPERTURBATIVE PHENOMENA IN QCD VACUUM, HADRONS, AND
                        QUARK-GLUON PLASMA}",
      year           = "1983",
      reportNumber   = "CERN-83-01, CERN-YELLOW-83-01",
      SLACcitation   = "%%CITATION = CERN-83-01;%%"
}


@article{Bjorken:1982tu,
      author         = "Bjorken, J. D.",
      title          = "{Energy Loss of Energetic Partons in Quark - Gluon
                        Plasma: Possible Extinction of High $p_T$ Jets in Hadron -
                        Hadron Collisions}",
      year           = "1982",
      reportNumber   = "FERMILAB-PUB-82-059-THY, FERMILAB-PUB-82-059-T",
      SLACcitation   = "%%CITATION = FERMILAB-PUB-82-059-THY;%%"
}


@article{Gyulassy:1993hr,
      author         = "Gyulassy, Miklos and Wang, Xin-nian",
      title          = "{Multiple collisions and induced gluon Bremsstrahlung in
                        QCD}",
      journal        = "Nucl. Phys.",
      volume         = "B420",
      year           = "1994",
      pages          = "583-614",
      doi            = "10.1016/0550-3213(94)90079-5",
      eprint         = "nucl-th/9306003",
      archivePrefix  = "arXiv",
      primaryClass   = "nucl-th",
      reportNumber   = "CU-TP-598, LBL-32682",
      SLACcitation   = "%%CITATION = NUCL-TH/9306003;%%"
}


@article{Wang:2003mm,
      author         = "Wang, Xin-Nian",
      title          = "{High $p_T$ hadron spectra, azimuthal anisotropy and back
                        to back correlations in high-energy heavy ion collisions}",
      journal        = "Phys. Lett.",
      volume         = "B595",
      year           = "2004",
      pages          = "165-170",
      doi            = "10.1016/j.physletb.2004.05.021",
      eprint         = "nucl-th/0305010",
      archivePrefix  = "arXiv",
      primaryClass   = "nucl-th",
      reportNumber   = "LBNL-52533",
      SLACcitation   = "%%CITATION = NUCL-TH/0305010;%%"
}


@article{Chen:2010te,
      author         = "Chen, Xiao-Fang and Greiner, Carsten and Wang, Enke and
                        Wang, Xin-Nian and Xu, Zhe",
      title          = "{Bulk matter evolution and extraction of jet transport
                        parameter in heavy-ion collisions at RHIC}",
      journal        = "Phys. Rev.",
      volume         = "C81",
      year           = "2010",
      pages          = "064908",
      doi            = "10.1103/PhysRevC.81.064908",
      eprint         = "1002.1165",
      archivePrefix  = "arXiv",
      primaryClass   = "nucl-th",
      SLACcitation   = "%%CITATION = ARXIV:1002.1165;%%"
}



@MISC{_hotand,
	author = {Steffen A. Bass and others},
	title = {Hot and Dense QCD Matter Unraveling the Mysteries of the Strongly Interacting Quark-Gluon-Plasma A Community White Paper on the Future of Relativistic Heavy-Ion Physics in the USExecutive Summary},
	note = {US Heavy-Ion Community}
}

@article{Gyulassy:1999zd,
      author         = "Gyulassy, Miklos and Levai, Peter and Vitev, Ivan",
      title          = "{Jet quenching in thin quark gluon plasmas. 1.
                        Formalism}",
      journal        = "Nucl. Phys.",
      volume         = "B571",
      year           = "2000",
      pages          = "197-233",
      doi            = "10.1016/S0550-3213(99)00713-0",
      eprint         = "hep-ph/9907461",
      archivePrefix  = "arXiv",
      primaryClass   = "hep-ph",
      SLACcitation   = "%%CITATION = HEP-PH/9907461;%%"
}


@article{Armesto:2003jh,
      author         = "Armesto, Nestor and Salgado, Carlos A. and Wiedemann, Urs
                        Achim",
      title          = "{Medium induced gluon radiation off massive quarks fills
                        the dead cone}",
      journal        = "Phys. Rev.",
      volume         = "D69",
      year           = "2004",
      pages          = "114003",
      doi            = "10.1103/PhysRevD.69.114003",
      eprint         = "hep-ph/0312106",
      archivePrefix  = "arXiv",
      primaryClass   = "hep-ph",
      reportNumber   = "CERN-TH-2003-301",
      SLACcitation   = "%%CITATION = HEP-PH/0312106;%%"
}


@book{Peskin:1995ev,
      author         = "Peskin, Michael E. and Schroeder, Daniel V.",
      title          = "{An Introduction to quantum field theory}",
      publisher      = "Addison-Wesley",
      address        = "Reading, USA",
      year           = "1995",
      url            = "http://www.slac.stanford.edu/~mpeskin/QFT.html",
      ISBN           = "9780201503975, 0201503972",
      SLACcitation   = "%%CITATION = INSPIRE-407703;%%"
}


@article{Gyulassy:2000fs,
      author         = "Gyulassy, M. and Levai, P. and Vitev, I.",
      title          = "{NonAbelian energy loss at finite opacity}",
      journal        = "Phys. Rev. Lett.",
      volume         = "85",
      year           = "2000",
      pages          = "5535-5538",
      doi            = "10.1103/PhysRevLett.85.5535",
      eprint         = "nucl-th/0005032",
      archivePrefix  = "arXiv",
      primaryClass   = "nucl-th",
      reportNumber   = "CU-TP-976",
      SLACcitation   = "%%CITATION = NUCL-TH/0005032;%%"
}


@article{Gyulassy:2002yv,
      author         = "Gyulassy, M. and Levai, P. and Vitev, I.",
      title          = "{Reaction operator approach to multiple elastic
                        scatterings}",
      journal        = "Phys. Rev.",
      volume         = "D66",
      year           = "2002",
      pages          = "014005",
      doi            = "10.1103/PhysRevD.66.014005",
      eprint         = "nucl-th/0201078",
      archivePrefix  = "arXiv",
      primaryClass   = "nucl-th",
      SLACcitation   = "%%CITATION = NUCL-TH/0201078;%%"
}


@article{Caravaglios:1998yr,
      author         = "Caravaglios, F. and Mangano, Michelangelo L. and Moretti,
                        M. and Pittau, R.",
      title          = "{A New approach to multijet calculations in hadron
                        collisions}",
      journal        = "Nucl. Phys.",
      volume         = "B539",
      year           = "1999",
      pages          = "215-232",
      doi            = "10.1016/S0550-3213(98)00739-1",
      eprint         = "hep-ph/9807570",
      archivePrefix  = "arXiv",
      primaryClass   = "hep-ph",
      reportNumber   = "CERN-TH-98-249",
      SLACcitation   = "%%CITATION = HEP-PH/9807570;%%"
}


@phdthesis{Bidder:2006hna,
      author         = "Bidder, Steven James",
      title          = "{Efficient techniques for calculating scattering
                        amplitudes in non-abelian gauge theories}",
      school         = "Swansea U.",
      year           = "2006",
      url            = "https://ifind.swan.ac.uk/discover/Record/529008",
      SLACcitation   = "%%CITATION = INSPIRE-1339501;%%"
}


@article{Berends:1987cv,
      author         = "Berends, Frits A. and Giele, W.",
      title          = "{The Six Gluon Process as an Example of Weyl-Van Der
                        Waerden Spinor Calculus}",
      journal        = "Nucl. Phys.",
      volume         = "B294",
      year           = "1987",
      pages          = "700-732",
      doi            = "10.1016/0550-3213(87)90604-3",
      reportNumber   = "Print-87-0522 (LEIDEN)",
      SLACcitation   = "%%CITATION = NUPHA,B294,700;%%"
}


@article{Mangano:1987xk,
      author         = "Mangano, Michelangelo L. and Parke, Stephen J. and Xu,
                        Zhan",
      title          = "{Duality and Multi - Gluon Scattering}",
      journal        = "Nucl. Phys.",
      volume         = "B298",
      year           = "1988",
      pages          = "653-672",
      doi            = "10.1016/0550-3213(88)90001-6",
      reportNumber   = "FERMILAB-PUB-87-052-T",
      SLACcitation   = "%%CITATION = NUPHA,B298,653;%%"
}


@article{Johansson:2015oia,
      author         = "Johansson, Henrik and Ochirov, Alexander",
      title          = "{Color-Kinematics Duality for QCD Amplitudes}",
      journal        = "JHEP",
      volume         = "01",
      year           = "2016",
      pages          = "170",
      doi            = "10.1007/JHEP01(2016)170",
      eprint         = "1507.00332",
      archivePrefix  = "arXiv",
      primaryClass   = "hep-ph",
      reportNumber   = "CERN-PH-TH-2015-149, UUITP-13-15, NORDITA-2015-79,
                        EDINBURGH-2015-11",
      SLACcitation   = "%%CITATION = ARXIV:1507.00332;%%"
}


@inproceedings{Dixon:2013uaa,
      author         = "Dixon, Lance J.",
      title          = "{A brief introduction to modern amplitude methods}",
      booktitle      = "{Proceedings, 2012 European School of High-Energy Physics
                        (ESHEP 2012): La Pommeraye, Anjou, France, June 06-19,
                        2012}",
      year           = "2014",
      url            = "https://inspirehep.net/record/1261436/files/arXiv:1310.5353.pdf",
      pages          = "31-67",
      doi            = "10.5170/CERN-2014-008.31",
      eprint         = "1310.5353",
      archivePrefix  = "arXiv",
      primaryClass   = "hep-ph",
      reportNumber   = "SLAC-PUB-15775",
      SLACcitation   = "%%CITATION = ARXIV:1310.5353;%%"
}


@article{Henn:2014yza,
      author         = "Henn, Johannes M. and Plefka, Jan C.",
      title          = "{Scattering Amplitudes in Gauge Theories}",
      journal        = "Lect. Notes Phys.",
      volume         = "883",
      year           = "2014",
      pages          = "pp.1-195",
      doi            = "10.1007/978-3-642-54022-6",
      SLACcitation   = "%%CITATION = LNPHA,883,pp.1;%%"
}


@article{Maltoni:2002mq,
      author         = "Maltoni, F. and Paul, K. and Stelzer, T. and Willenbrock,
                        S.",
      title          = "{Color flow decomposition of QCD amplitudes}",
      journal        = "Phys. Rev.",
      volume         = "D67",
      year           = "2003",
      pages          = "014026",
      doi            = "10.1103/PhysRevD.67.014026",
      eprint         = "hep-ph/0209271",
      archivePrefix  = "arXiv",
      primaryClass   = "hep-ph",
      reportNumber   = "ILL-TH-02-7, FERMILAB-PUB-02-197-T",
      SLACcitation   = "%%CITATION = HEP-PH/0209271;%%"
}


@article{Schwinn:2007ee,
      author         = "Schwinn, Christian and Weinzierl, Stefan",
      title          = "{On-shell recursion relations for all Born QCD
                        amplitudes}",
      journal        = "JHEP",
      volume         = "04",
      year           = "2007",
      pages          = "072",
      doi            = "10.1088/1126-6708/2007/04/072",
      eprint         = "hep-ph/0703021",
      archivePrefix  = "arXiv",
      primaryClass   = "HEP-PH",
      reportNumber   = "MZ-TH-07-02, PITHA-07-01",
      SLACcitation   = "%%CITATION = HEP-PH/0703021;%%"
}


@inproceedings{Bern:2008ef,
      author         = "Bern, Z. and others",
      title          = "{The NLO multileg working group: Summary report}",
      booktitle      = "{Physics at TeV colliders, La physique du TeV aux
                        collisionneurs, Les Houches 2007 : 11-29 June 2007}",
      collaboration  = "NLO Multileg Working Group",
      url            = "http://www-public.slac.stanford.edu/sciDoc/docMeta.aspx?slacPubNumber=slac-pub-13206",
      year           = "2008",
      pages          = "1-120",
      eprint         = "0803.0494",
      archivePrefix  = "arXiv",
      primaryClass   = "hep-ph",
      reportNumber   = "SLAC-PUB-13206, FERMILAB-CONF-08-679-T",
      SLACcitation   = "%%CITATION = ARXIV:0803.0494;%%"
}


@inproceedings{Peskin:2011in,
      author         = "Peskin, Michael E.",
      title          = "{Simplifying Multi-Jet QCD Computation}",
      booktitle      = "{Proceedings, 13th Mexican School of Particles and Fields
                        (MSPF 2008): San Carlos, Sonora, Mexico, October 2-11,
                        2008}",
      url            = "http://www-public.slac.stanford.edu/sciDoc/docMeta.aspx?slacPubNumber=SLAC-PUB-14352",
      year           = "2011",
      eprint         = "1101.2414",
      archivePrefix  = "arXiv",
      primaryClass   = "hep-ph",
      reportNumber   = "SLAC-PUB-14352",
      SLACcitation   = "%%CITATION = ARXIV:1101.2414;%%"
}


@article{Cachazo:2008dx,
      author         = "Cachazo, Freddy and Skinner, David",
      title          = "{On the structure of scattering amplitudes in N=4 super
                        Yang-Mills and N=8 supergravity}",
      year           = "2008",
      eprint         = "0801.4574",
      archivePrefix  = "arXiv",
      primaryClass   = "hep-th",
      SLACcitation   = "%%CITATION = ARXIV:0801.4574;%%"
}


@article{Nair:1988bq,
      author         = "Nair, V. P.",
      title          = "{A Current Algebra for Some Gauge Theory Amplitudes}",
      journal        = "Phys. Lett.",
      volume         = "B214",
      year           = "1988",
      pages          = "215-218",
      doi            = "10.1016/0370-2693(88)91471-2",
      reportNumber   = "CU-TP-408",
      SLACcitation   = "%%CITATION = PHLTA,B214,215;%%"
}


@article{Britto:2005fq,
      author         = "Britto, Ruth and Cachazo, Freddy and Feng, Bo and Witten,
                        Edward",
      title          = "{Direct proof of tree-level recursion relation in
                        Yang-Mills theory}",
      journal        = "Phys. Rev. Lett.",
      volume         = "94",
      year           = "2005",
      pages          = "181602",
      doi            = "10.1103/PhysRevLett.94.181602",
      eprint         = "hep-th/0501052",
      archivePrefix  = "arXiv",
      primaryClass   = "hep-th",
      SLACcitation   = "%%CITATION = HEP-TH/0501052;%%"
}


@article{Britto:2004ap,
      author         = "Britto, Ruth and Cachazo, Freddy and Feng, Bo",
      title          = "{New recursion relations for tree amplitudes of gluons}",
      journal        = "Nucl. Phys.",
      volume         = "B715",
      year           = "2005",
      pages          = "499-522",
      doi            = "10.1016/j.nuclphysb.2005.02.030",
      eprint         = "hep-th/0412308",
      archivePrefix  = "arXiv",
      primaryClass   = "hep-th",
      SLACcitation   = "%%CITATION = HEP-TH/0412308;%%"
}


@article{Feng:2011np,
      author         = "Feng, Bo and Luo, Mingxing",
      title          = "{An Introduction to On-shell Recursion Relations}",
      journal        = "Front. Phys.(Beijing)",
      volume         = "7",
      year           = "2012",
      pages          = "533-575",
      doi            = "10.1007/s11467-012-0270-z",
      eprint         = "1111.5759",
      archivePrefix  = "arXiv",
      primaryClass   = "hep-th",
      SLACcitation   = "%%CITATION = ARXIV:1111.5759;%%"
}


@book{Elvang:2015rqa,
      author         = "Elvang, Henriette and Huang, Yu-tin",
      title          = "{Scattering Amplitudes in Gauge Theory and Gravity}",
      publisher      = "Cambridge University Press",
      year           = "2015",
      url            = "http://www.cambridge.org/mw/academic/subjects/physics/theoretical-physics-and-mathematical-physics/scattering-amplitudes-gauge-theory-and-gravity?format=AR",
      ISBN           = "9781316191422, 9781107069251",
      SLACcitation   = "%%CITATION = INSPIRE-1384881;%%"
}


@article{Rabemananajara:2017fee,
      author         = "Rabemananajara, Tanjona R. and Horowitz, W. A.",
      title          = "{Computing the $qg \to qg$ cross section using the BCFW
                        recursion and introduction to jet tomography in heavy ion
                        collisions via MHV techniques}",
      booktitle      = "{Proceedings, Workshop on High Energy Particle Physics
                        (HEPPW2017): Johannesburg, South Africa, February 1-3,
                        2017}",
      journal        = "J. Phys. Conf. Ser.",
      volume         = "889",
      year           = "2017",
      number         = "1",
      pages          = "012021",
      doi            = "10.1088/1742-6596/889/1/012021",
      SLACcitation   = "%%CITATION = 00462,889,012021;%%"
}


@article{Bhatt:2014hpi,
      author         = "Bhatt, Pallavi and P. Trivedi, Hardik and Kumar, Anil and
                        Kumar, Raj and Gupta, Lalit Kumar and Gupta, Jai Prakash",
      title          = "{An Analytical Study of Total Cross-section of Proton
                        Proton And Proton Antiproton Interactions}",
      booktitle      = "{Proceedings, 59th DAE-BRNS Symposium on Nuclear Physics:
                        Varanasi, India, 8-12-December 2014}",
      journal        = "DAE Symp. Nucl. Phys.",
      volume         = "59",
      year           = "2014",
      pages          = "758-759",
      SLACcitation   = "%%CITATION = INSPIRE-1504719;%%"
}


@article{Gunion:1981qs,
      author         = "Gunion, J. F. and Bertsch, G.",
      title          = "{HADRONIZATION BY COLOR BREMSSTRAHLUNG}",
      journal        = "Phys. Rev.",
      volume         = "D25",
      year           = "1982",
      pages          = "746",
      doi            = "10.1103/PhysRevD.25.746",
      reportNumber   = "UCD-81/4, NSF-ITP-81-132",
      SLACcitation   = "%%CITATION = PHRVA,D25,746;%%"
}


@article{Rasoanaivo:2017hxi,
      author         = "Rasoanaivo, Andriniaina N. and Horowitz, W. A.",
      title          = "{Medium-induced radiation beyond the Poisson
                        approximation}",
      booktitle      = "{Proceedings, Workshop on Discovery Physics at the LHC
                        (Kruger2016): Kruger National Park, Mpumalanga, South
                        Africa, December 5-9, 2016}",
      journal        = "J. Phys. Conf. Ser.",
      volume         = "878",
      year           = "2017",
      number         = "1",
      pages          = "012029",
      doi            = "10.1088/1742-6596/878/1/012029",
      SLACcitation   = "%%CITATION = 00462,878,012029;%%"
}


@article{Horowitz:2009eb,
      author         = "Horowitz, W. A. and Cole, B. A.",
      title          = "{Systematic theoretical uncertainties in jet quenching
                        due to gluon kinematics}",
      journal        = "Phys. Rev.",
      volume         = "C81",
      year           = "2010",
      pages          = "024909",
      doi            = "10.1103/PhysRevC.81.024909",
      eprint         = "0910.1823",
      archivePrefix  = "arXiv",
      primaryClass   = "hep-ph",
      SLACcitation   = "%%CITATION = ARXIV:0910.1823;%%"
}


@article{Wang:1994fx,
      author         = "Wang, Xin-Nian and Gyulassy, Miklos and Plumer, Michael",
      title          = "{The LPM effect in QCD and radiative energy loss in a
                        quark gluon plasma}",
      journal        = "Phys. Rev.",
      volume         = "D51",
      year           = "1995",
      pages          = "3436-3446",
      doi            = "10.1103/PhysRevD.51.3436",
      eprint         = "hep-ph/9408344",
      archivePrefix  = "arXiv",
      primaryClass   = "hep-ph",
      reportNumber   = "LBL-35980",
      SLACcitation   = "%%CITATION = HEP-PH/9408344;%%"
}